<?xml version="1.0" encoding="UTF-8"?><collection xmlns="http://www.loc.gov/MARC21/slim"><record><leader>00411nam--2200157-i-4500</leader><controlfield tag="001">000040750</controlfield><controlfield tag="002">20161230</controlfield><controlfield tag="005">20170122224836</controlfield><controlfield tag="008">060222s1000------------r-----000-0-eng-d</controlfield><datafield ind1=" " ind2=" " tag="100"><subfield code="a">Schulze, Dietrich</subfield></datafield><datafield ind1=" " ind2=" " tag="245"><subfield code="a">Aufbau eines ferrographen</subfield></datafield><datafield ind1=" " ind2=" " tag="260"><subfield code="a">Berlin</subfield><subfield code="b">Veb Verlag Technik</subfield><subfield code="c">1953</subfield></datafield><datafield ind1=" " ind2=" " tag="300"><subfield code="a">48 p.+fig.+1 F.Pl</subfield></datafield><datafield ind1=" " ind2=" " tag="490"><subfield code="a">Wissenschaftliche Berichte</subfield></datafield><datafield ind1=" " ind2=" " tag="852"><subfield code="a">11204</subfield></datafield><datafield ind1=" " ind2=" " tag="CAT"><subfield code="a">SYS</subfield><subfield code="c">20170122</subfield><subfield code="h">224836</subfield></datafield></record></collection>